<record><leader>00000cas a22000007a 4500</leader><controlfield tag="001">24529761</controlfield><controlfield tag="008">911010d18951904ncuir ne      0    0eng d</controlfield><datafield ind1=" " ind2=" " tag="010"><subfield code="a">sn 91068380 </subfield></datafield><datafield ind1=" " ind2=" " tag="040"><subfield code="a">NVJ</subfield><subfield code="b">eng</subfield><subfield code="c">NVJ</subfield><subfield code="d">OCLCQ</subfield></datafield><datafield ind1=" " ind2=" " tag="042"><subfield code="a">msc</subfield></datafield><datafield ind1="0" ind2=" " tag="130"><subfield code="a">King's weekly (Greenville, N.C. : 1895)</subfield></datafield><datafield ind1="1" ind2="0" tag="245"><subfield code="a">King's weekly.</subfield></datafield><datafield ind1=" " ind2=" " tag="260"><subfield code="a">Greenville, N.C. :</subfield><subfield code="b">Henry T. King</subfield></datafield><datafield ind1=" " ind2=" " tag="300"><subfield code="a">v.</subfield></datafield><datafield ind1=" " ind2=" " tag="310"><subfield code="a">Triweekly,</subfield><subfield code="b">Jan. 7, 1902-</subfield></datafield><datafield ind1=" " ind2=" " tag="321"><subfield code="a">Weekly,</subfield><subfield code="b">Jan. 11, 1894 [i.e. 1895]-&lt;Oct. 15, 1897&gt;</subfield></datafield><datafield ind1=" " ind2=" " tag="321"><subfield code="a">Semiweekly,</subfield><subfield code="b">&lt;Aug. 2, 1898&gt;-Jan. 3, 1902</subfield></datafield><datafield ind1="0" ind2=" " tag="362"><subfield code="a">Vol. 1, no. 1 (Jan. 11, 1894 [i.e. 1895])-</subfield></datafield><datafield ind1="1" ind2=" " tag="362"><subfield code="a">Ceased in 1904.</subfield></datafield><datafield ind1=" " ind2=" " tag="752"><subfield code="a">United States</subfield><subfield code="b">North Carolina</subfield><subfield code="c">Pitt</subfield><subfield code="d">Greenville.</subfield></datafield><datafield ind1="0" ind2="0" tag="780"><subfield code="t">Greenville index</subfield><subfield code="w">(DLC)sn 91068379</subfield></datafield><datafield ind1="0" ind2="0" tag="785"><subfield code="t">King's dollar daily</subfield><subfield code="w">(DLC)sn 91068381</subfield></datafield></record>